<?xml version="1.0" encoding="UTF-8"?><collection xmlns="http://www.loc.gov/MARC21/slim"><record><leader>00785nam--2200205-i-4500</leader><controlfield tag="001">000012376</controlfield><controlfield tag="002">20161230</controlfield><controlfield tag="005">20161230201029</controlfield><controlfield tag="008">060222s1000------------r-----000-0-eng-d</controlfield><datafield ind1=" " ind2=" " tag="020"><subfield code="a">0720407427</subfield></datafield><datafield ind1=" " ind2=" " tag="040"><subfield code="a">IFIN-HH</subfield></datafield><datafield ind1=" " ind2=" " tag="080"><subfield code="a">530.1:539.12:539.12.162.8(042.4)</subfield></datafield><datafield ind1="1" ind2=" " tag="100"><subfield code="a">Balian, Roger</subfield></datafield><datafield ind1="1" ind2="0" tag="245"><subfield code="a">Interactions electromagnetiques et faibles a haute energie. weak and electromagnetic interactions at high energy</subfield><subfield code="b">Les houches. session xxix, 5 juil.-14 aout, 1976</subfield><subfield code="c">Roger balian, christopher h. llewellyn smith (eds.)</subfield></datafield><datafield ind1=" " ind2=" " tag="260"><subfield code="a">Amsterdam</subfield><subfield code="b">North-holland Publishing Company</subfield><subfield code="c">1977</subfield></datafield><datafield ind1=" " ind2=" " tag="300"><subfield code="a">XXIV+666P</subfield></datafield><datafield ind1=" " ind2=" " tag="490"><subfield code="a">Les Houches Ecole D'Ete De Physique Theorique</subfield></datafield><datafield ind1="1" ind2=" " tag="700"><subfield code="a">Smith, Christopher H. Llewellyn</subfield><subfield code="e">Ed</subfield></datafield><datafield ind1=" " ind2=" " tag="852"><subfield code="a">45417</subfield><subfield code="c">539.12</subfield></datafield><datafield ind1=" " ind2=" " tag="CAT"><subfield code="a">Sys</subfield><subfield code="c">20111128</subfield><subfield code="h">165512</subfield></datafield></record></collection>